@book{krugman2022international,
  title={International economics: Theory and policy},
  author={Krugman, Paul R and Obstfeld, Maurice and Melitz, Marc},
  year={2022},
  publisher={Pearson Education}
}

@book{rodseth2000open,
  title={Open economy macroeconomics},
  author={R{\o}dseth, Asbj{\o}rn},
  year={2000},
  publisher={Cambridge University Press}
}

@book{feenstra2008international,
  title={International trade},
  author={Feenstra, Robert C and Taylor, Alan M},
  year={2008},
  publisher={Macmillan}
}

@book{gerber2002,
  author    = {Gerber, James},
  title     = {International Economics},
  isbn      = {9780201726121},
  publisher = {Addison-Wesley},
  address   = {Boston, MA},
  year      = {2002}
}

@book{shackleton2018estimating,
  title={Estimating and projecting potential output using CBO's forecasting growth model},
  author={Shackleton, Robert},
  year={2018},
  publisher={Congressional Budget Office}
}

@book{mueller2003public,
  title={Public choice III},
  author={Mueller, Dennis C},
  year={2003},
  publisher={Cambridge University Press}
}

@book{persson2002political,
  title={Political economics: explaining economic policy},
  author={Persson, Torsten and Tabellini, Guido},
  year={2002},
  publisher={MIT press}
}

@book{drazen2002political,
  title={Political economy in macroeconomics},
  author={Drazen, Allan},
  year={2002},
  publisher={Princeton University Press}
}
